%% LaTeX2e file `Aufgabe3.bib'
%% generated by the `filecontents' environment
%% from source `Aufgabe3' on 2022/09/21.
%%
@online{volere,
  title   = {Kreisdiagramm erdoelverbrauch.svg},
  author  = {{C.lingg} and Frank Murmann},
  date    = {2011-09-26},
  url     = {https://de.wikipedia.org/wiki/Datei:Kreisdiagramm_erdoelverbrauch.svg},
  urldate = {2018-08-05},
}
