@misc{volere,
  author = {James an Suzanne Robertson},
  title = {{Volere} Requirements Specification Template},
  howpublished = {\url{https://www.inf.ed.ac.uk/teaching/courses/seoc/2007_2008/resources/volere-template.pdf}},
  note = {Besucht: 21.09.2022}
}
