@misc{info,
  author = {BREKOM GmbH},
  title = {Informationssicherheit – Definition, Schutzziele, Maßnahmen},
  howpublished = {\url{https://brekom.de/ratgeber-it-sicherheit/informationssicherheit/}},
  note = {Besucht: 29.09.2022}
}
@misc{verf,
  author = {SecuPedia},
  title = {Verfügbarkeit im Sinne der IT-Sicherheit},
  howpublished = {\url{https://www.secupedia.info/wiki/Verfügbarkeit_im_Sinne_der_IT-Sicherheit}},
  note = {Besucht: 29.09.2022}
}

